<record><leader>00000cas a22000007a 4500</leader><controlfield tag="001">13994848</controlfield><controlfield tag="008">860731d18461847inuwr ne      0    0eng d</controlfield><controlfield tag="009">5452</controlfield><datafield ind1=" " ind2=" " tag="010"><subfield code="a">sn 86058721 </subfield></datafield><datafield ind1=" " ind2=" " tag="040"><subfield code="a">NPI</subfield><subfield code="b">eng</subfield><subfield code="c">NPI</subfield><subfield code="d">DLC</subfield></datafield><datafield ind1=" " ind2=" " tag="042"><subfield code="a">msc</subfield></datafield><datafield ind1="0" ind2="0" tag="245"><subfield code="a">Muncie journal.</subfield></datafield><datafield ind1=" " ind2=" " tag="260"><subfield code="a">Muncie, Ind. :</subfield><subfield code="b">Warren H. Withers,</subfield><subfield code="c">1846-1847.</subfield></datafield><datafield ind1=" " ind2=" " tag="300"><subfield code="a">v. :</subfield><subfield code="b">ill. (chiefly advertisements) ;</subfield><subfield code="c">52 cm.</subfield></datafield><datafield ind1="0" ind2=" " tag="362"><subfield code="a">Vol. 1, no. 1 (Jan. 10, 1846)-v. 2, no. 12 (May 22, 1847).</subfield></datafield><datafield ind1=" " ind2=" " tag="500"><subfield code="a">Although the issue does not say so, John Miller in his Indiana newspaper bibliog. states that this paper ceased on May 22, 1847.</subfield></datafield><datafield ind1=" " ind2=" " tag="500"><subfield code="a">Whig party supporting paper Cf. Miller.</subfield></datafield><datafield ind1=" " ind2=" " tag="752"><subfield code="a">United States</subfield><subfield code="b">Indiana</subfield><subfield code="c">Delaware</subfield><subfield code="d">Muncie.</subfield></datafield></record>